<record><leader>00000cas a22000007a 4500</leader><controlfield tag="001">9135859</controlfield><controlfield tag="008">830117c19uu9999miuwn ne      0   a0eng d</controlfield><datafield ind1=" " ind2=" " tag="010"><subfield code="a">sn 83000797 </subfield></datafield><datafield ind1=" " ind2=" " tag="040"><subfield code="a">NSD</subfield><subfield code="b">eng</subfield><subfield code="c">NSD</subfield><subfield code="d">MHN</subfield><subfield code="d">OCL</subfield><subfield code="d">OCLCQ</subfield><subfield code="d">OCLCF</subfield><subfield code="d">OCLCO</subfield></datafield><datafield ind1=" " ind2=" " tag="012"><subfield code="m">1</subfield></datafield><datafield ind1="1" ind2=" " tag="022"><subfield code="a">0745-4066</subfield><subfield code="l">0745-4066</subfield><subfield code="2">1</subfield></datafield><datafield ind1="1" ind2=" " tag="029"><subfield code="a">AU@</subfield><subfield code="b">000020394855</subfield></datafield><datafield ind1=" " ind2=" " tag="032"><subfield code="a">271860</subfield><subfield code="b">USPS</subfield></datafield><datafield ind1=" " ind2=" " tag="037"><subfield code="b">Jackson Legal News, 304 Francis St., Jackson, M1, 49201</subfield></datafield><datafield ind1=" " ind2=" " tag="042"><subfield code="a">nsdp</subfield></datafield><datafield ind1=" " ind2=" " tag="043"><subfield code="a">n-us-mi</subfield></datafield><datafield ind1=" " ind2="0" tag="222"><subfield code="a">Jackson County legal news</subfield></datafield><datafield ind1="0" ind2="0" tag="245"><subfield code="a">Jackson County legal news.</subfield></datafield><datafield ind1=" " ind2=" " tag="260"><subfield code="a">Jackson, Mich. :</subfield><subfield code="b">[R.C.K. Corp.]</subfield></datafield><datafield ind1=" " ind2=" " tag="310"><subfield code="a">Weekly (except first 2 wks, in June)</subfield></datafield><datafield ind1=" " ind2=" " tag="580"><subfield code="a">Continues in part: Concord news and Jackson County legal news.</subfield></datafield><datafield ind1=" " ind2=" " tag="588"><subfield code="a">Description based on: Vol. 18, no 15 (Mon., Jan. 10, 1983); title from caption.</subfield></datafield><datafield ind1=" " ind2="0" tag="651"><subfield code="a">Jackson (Mich.)</subfield><subfield code="v">Newspapers.</subfield></datafield><datafield ind1=" " ind2="0" tag="651"><subfield code="a">Jackson County (Mich.)</subfield><subfield code="v">Newspapers.</subfield></datafield><datafield ind1=" " ind2="7" tag="655"><subfield code="a">Newspapers.</subfield><subfield code="2">fast</subfield><subfield code="0">(OCoLC)fst01423814</subfield></datafield><datafield ind1=" " ind2="7" tag="651"><subfield code="a">Michigan</subfield><subfield code="z">Jackson.</subfield><subfield code="2">fast</subfield><subfield code="0">(OCoLC)fst01208758</subfield></datafield><datafield ind1=" " ind2="7" tag="651"><subfield code="a">Michigan</subfield><subfield code="z">Jackson County.</subfield><subfield code="2">fast</subfield><subfield code="0">(OCoLC)fst01209104</subfield></datafield><datafield ind1="1" ind2="1" tag="780"><subfield code="t">Concord news and Jackson County legal news</subfield><subfield code="w">(DLC)sn 96076800</subfield><subfield code="w">(OCoLC)35039376</subfield></datafield><datafield ind1=" " ind2=" " tag="936"><subfield code="a">June 6, 1983</subfield></datafield></record>